<record xmlns="http://www.loc.gov/MARC21/slim" xmlns:xsi="http://www.w3.org/2001/XMLSchema-instance" xsi:schemaLocation="http://www.loc.gov/MARC21/slim http://www.loc.gov/standards/marcxml/schema/MARC21slim.xsd"><leader>00258nz   2200109n  4500</leader><controlfield tag="001">oca00672321 </controlfield><controlfield tag="005">19840322000000.0</controlfield><controlfield tag="008">811211n| acannaab|          |a aaa |||  </controlfield><datafield ind1=" " ind2=" " tag="010"><subfield code="a">n  81127417 </subfield></datafield><datafield ind1=" " ind2=" " tag="040"><subfield code="a">DLC</subfield><subfield code="c">DLC</subfield></datafield><datafield ind1="1" ind2=" " tag="100"><subfield code="a">Marsus, Domitius.</subfield></datafield><datafield ind1="0" ind2=" " tag="400"><subfield code="a">Domitius Marsus</subfield><subfield code="w">nna</subfield></datafield></record>